% teacher forcing
@article{doi:10.1162/neco.1989.1.2.270,
author = {Williams, Ronald J. and Zipser, David},
title = {A Learning Algorithm for Continually Running Fully Recurrent Neural Networks},
journal = {Neural Computation},
volume = {1},
number = {2},
pages = {270-280},
year = {1989},
doi = {10.1162/neco.1989.1.2.270}
}

% sentence simplification helps disabled readers
@INPROCEEDINGS{Carroll99simplifyingtext,
    author = {John Carroll and Guido Minnen and Darren Pearce and Yvonne Canning and Siobhan Devlin and John Tait},
    title = {Simplifying Text for Language-Impaired Readers},
    booktitle = {In Proceedings of the 9th Conference of the European Chapter of the Association for Computational Linguistics (EACL},
    year = {1999},
    pages = {269--270}
}

% simplification helps NLP tasks 1
@inproceedings{Chandrasekar:1996:MMT:993268.993361,
 author = {Chandrasekar, R. and Doran, Christine and Srinivas, B.},
 title = {Motivations and Methods for Text Simplification},
 booktitle = {Proceedings of the 16th Conference on Computational Linguistics - Volume 2},
 series = {COLING '96},
 year = {1996},
 location = {Copenhagen, Denmark},
 pages = {1041--1044},
 numpages = {4},
 acmid = {993361},
 publisher = {Association for Computational Linguistics},
 address = {Stroudsburg, PA, USA},
}

% simplification helps NLP tasks 2
@InProceedings{10.1007/978-3-540-30468-5_47,
author="Beigman Klebanov, Beata
and Knight, Kevin
and Marcu, Daniel",
editor="Meersman, Robert and Tari, Zahir",
title="Text Simplification for Information-Seeking Applications",
booktitle="On the Move to Meaningful Internet Systems 2004: CoopIS, DOA, and ODBASE",
year="2004",
publisher="Springer Berlin Heidelberg",
address="Berlin, Heidelberg",
pages={735--747}
}

% simplification helps NLP tasks 3
@article{niklaus2017sentence,
  title={A sentence simplification system for improving relation extraction},
  author={Niklaus, Christina and Bermeitinger, Bernhard and Handschuh, Siegfried and Freitas, Andr{\'e}},
  journal={arXiv preprint arXiv:1703.09013},
  year={2017}
}


% SMT simplification
@InProceedings{10.1007/978-3-642-12320-7_5,
author="Specia, Lucia",
editor="Pardo, Thiago Alexandre Salgueiro
and Branco, Ant{\'o}nio
and Klautau, Aldebaro
and Vieira, Renata
and de Lima, Vera L{\'u}cia Strube",
title="Translating from Complex to Simplified Sentences",
booktitle="Computational Processing of the Portuguese Language",
year="2010",
publisher="Springer Berlin Heidelberg",
address="Berlin, Heidelberg",
pages={30--39}
}

%moses
@inproceedings{koehn-etal-2007-moses,
    title = "{M}oses: Open Source Toolkit for Statistical Machine Translation",
    author = "Koehn, Philipp  and
      Hoang, Hieu  and
      Birch, Alexandra  and
      Callison-Burch, Chris  and
      Federico, Marcello  and
      Bertoldi, Nicola  and
      Cowan, Brooke  and
      Shen, Wade  and
      Moran, Christine  and
      Zens, Richard  and
      Dyer, Chris  and
      Bojar, Ond{\v{r}}ej  and
      Constantin, Alexandra  and
      Herbst, Evan",
    booktitle = "Proceedings of the 45th Annual Meeting of the Association for Computational Linguistics Companion Volume Proceedings of the Demo and Poster Sessions",
    month = jun,
    year = "2007",
    address = "Prague, Czech Republic",
    publisher = "Association for Computational Linguistics",
    pages = {177--180}
}

%constrained seq2seq model
@article{DBLP:journals/corr/ZhangYFZY17,
  author    = {Yaoyuan Zhang and
               Zhenxu Ye and
               Yansong Feng and
               Dongyan Zhao and
               Rui Yan},
  title     = {A Constrained Sequence-to-Sequence Neural Model for Sentence Simplification},
  journal   = {CoRR},
  volume    = {abs/1704.02312},
  year      = {2017},
  archivePrefix = {arXiv},
  eprint    = {1704.02312},
  timestamp = {Sat, 31 Aug 2019 16:23:04 +0200}
}

%wang NMT for simp. not enough data
@inproceedings{wang2016text,
  title={Text simplification using neural machine translation},
  author={Wang, Tong and Chen, Ping and Rochford, John and Qiang, Jipeng},
  booktitle={Thirtieth AAAI Conference on Artificial Intelligence},
  year={2016}
}

%conv encoder for MT
@article{meng2015encoding,
  title={Encoding source language with convolutional neural network for machine translation},
  author={Meng, Fandong and Lu, Zhengdong and Wang, Mingxuan and Li, Hang and Jiang, Wenbin and Liu, Qun},
  journal={arXiv preprint arXiv:1503.01838},
  year={2015}
}

%GloVe
@inproceedings{pennington2014glove,
  author = {Jeffrey Pennington and Richard Socher and Christopher D. Manning},
  booktitle = {Empirical Methods in Natural Language Processing (EMNLP)},
  title = {GloVe: Global Vectors for Word Representation},
  year = {2014},
  pages = {1532--1543}
}

% newsela
@article{Xu-EtAl:2015:TACL,
  author = {Wei Xu and Chris Callison-Burch and Courtney Napoles},
  title = {Problems in Current Text Simplification Research: New Data Can
Help},
  journal = {Transactions of the Association for Computational Linguistics},
  volume = {3},
  year = {2015},
  pages = {283--297}
}

%simple wiki
@inproceedings{coster-kauchak-2011-simple,
    title = "Simple {E}nglish {W}ikipedia: A New Text Simplification Task",
    author = "Coster, William  and Kauchak, David",
    booktitle = "Proceedings of the 49th Annual Meeting of the Association for Computational Linguistics: Human Language Technologies",
    month = jun,
    year = "2011",
    address = "Portland, Oregon, USA",
    publisher = "Association for Computational Linguistics",
    pages = "665--669"
}

%dementia
@article{di2019enriching,
  title={Enriching Neural Models with Targeted Features for Dementia Detection},
  author={Di Palo, Flavio and Parde, Natalie},
  journal={arXiv preprint arXiv:1906.05483},
  year={2019}
}

% facebook conv encoder
@article{DBLP:journals/corr/GehringAGD16,
  author    = {Jonas Gehring and
               Michael Auli and
               David Grangier and
               Yann N. Dauphin},
  title     = {A Convolutional Encoder Model for Neural Machine Translation},
  journal   = {CoRR},
  volume    = {abs/1611.02344},
  year      = {2016},
  archivePrefix = {arXiv},
  eprint    = {1611.02344},
  timestamp = {Mon, 13 Aug 2018 16:46:00 +0200}
}

%LSTM presented
@inproceedings{hochreiter1997lstm,
  title={LSTM can solve hard long time lag problems},
  author={Hochreiter, Sepp and Schmidhuber, J{\"u}rgen},
  booktitle={Advances in neural information processing systems},
  pages={473--479},
  year={1997}
}

%attention
@article{luong2015effective,
  title={Effective approaches to attention-based neural machine translation},
  author={Luong, Minh-Thang and Pham, Hieu and Manning, Christopher D},
  journal={arXiv preprint arXiv:1508.04025},
  year={2015}
}

%conv out perform LSTM
@article{DBLP:journals/corr/WuSCLNMKCGMKSJL16,
  author    = {Yonghui Wu and
               Mike Schuster and
               Zhifeng Chen and
               Quoc V. Le and
               Mohammad Norouzi and
               Wolfgang Macherey and
               Maxim Krikun and
               Yuan Cao and
               Qin Gao and
               Klaus Macherey and
               Jeff Klingner and
               Apurva Shah and
               Melvin Johnson and
               Xiaobing Liu and
               Lukasz Kaiser and
               Stephan Gouws and
               Yoshikiyo Kato and
               Taku Kudo and
               Hideto Kazawa and
               Keith Stevens and
               George Kurian and
               Nishant Patil and
               Wei Wang and
               Cliff Young and
               Jason Smith and
               Jason Riesa and
               Alex Rudnick and
               Oriol Vinyals and
               Greg Corrado and
               Macduff Hughes and
               Jeffrey Dean},
  title     = {Google's Neural Machine Translation System: Bridging the Gap between
               Human and Machine Translation},
  journal   = {CoRR},
  volume    = {abs/1609.08144},
  year      = {2016},
  archivePrefix = {arXiv},
  eprint    = {1609.08144},
  timestamp = {Thu, 14 Mar 2019 09:34:18 +0100}
}

% bag of tricks
@inproceedings{neishi2017bag,
  title={A bag of useful tricks for practical neural machine translation: Embedding layer initialization and large batch size},
  author={Neishi, Masato and Sakuma, Jin and Tohda, Satoshi and Ishiwatari, Shonosuke and Yoshinaga, Naoki and Toyoda, Masashi},
  booktitle={Proceedings of the 4th Workshop on Asian Translation (WAT2017)},
  pages={99--109},
  year={2017}
}

% Adam
@article{kingma2014adam,
  title={Adam: A method for stochastic optimization},
  author={Kingma, Diederik P and Ba, Jimmy},
  journal={arXiv preprint arXiv:1412.6980},
  year={2014}
}

% copy mechanism
@article{mathews2018simplifying,
  title={Simplifying Sentences with Sequence to Sequence Models},
  author={Mathews, Alexander and Xie, Lexing and He, Xuming},
  journal={arXiv preprint arXiv:1805.05557},
  year={2018}
}

%loss
@article{kriz2019complexity,
  title={Complexity-weighted loss and diverse reranking for sentence simplification},
  author={Kriz, Reno and Sedoc, Joao and Apidianaki, Marianna and Zheng, Carolina and Kumar, Gaurav and Miltsakaki, Eleni and Callison-Burch, Chris},
  journal={arXiv preprint arXiv:1904.02767},
  year={2019}
}

%BLEU
@inproceedings{papineni2002bleu,
  title={BLEU: a method for automatic evaluation of machine translation},
  author={Papineni, Kishore and Roukos, Salim and Ward, Todd and Zhu, Wei-Jing},
  booktitle={Proceedings of the 40th annual meeting on association for computational linguistics},
  pages={311--318},
  year={2002},
  organization={Association for Computational Linguistics}
}

%SARI
@article{xu2016optimizing,
  title={Optimizing statistical machine translation for text simplification},
  author={Xu, Wei and Napoles, Courtney and Pavlick, Ellie and Chen, Quanze and Callison-Burch, Chris},
  journal={Transactions of the Association for Computational Linguistics},
  volume={4},
  pages={401--415},
  year={2016},
  publisher={MIT Press}
}

@article{guo2018dynamic,
  title={Dynamic multi-level multi-task learning for sentence simplification},
  author={Guo, Han and Pasunuru, Ramakanth and Bansal, Mohit},
  journal={arXiv preprint arXiv:1806.07304},
  year={2018}
}

@inproceedings{narayan2014hybrid,
  title={Hybrid simplification using deep semantics and machine translation},
  author={Narayan, Shashi and Gardent, Claire},
  year={2014}
}

@article{vu2018sentence,
  title={Sentence simplification with memory-augmented neural networks},
  author={Vu, Tu and Hu, Baotian and Munkhdalai, Tsendsuren and Yu, Hong},
  journal={arXiv preprint arXiv:1804.07445},
  year={2018}
}

% conv sematic parsing
@inproceedings{yih2014semantic,
  title={Semantic parsing for single-relation question answering},
  author={Yih, Wen-tau and He, Xiaodong and Meek, Christopher},
  booktitle={Proceedings of the 52nd Annual Meeting of the Association for Computational Linguistics (Volume 2: Short Papers)},
  pages={643--648},
  year={2014}
}

% conv query retrieval
@inproceedings{shen2014learning,
  title={Learning semantic representations using convolutional neural networks for web search},
  author={Shen, Yelong and He, Xiaodong and Gao, Jianfeng and Deng, Li and Mesnil, Gr{\'e}goire},
  booktitle={Proceedings of the 23rd International Conference on World Wide Web},
  pages={373--374},
  year={2014},
  organization={ACM}
}

% conv query retrieval
@article{kalchbrenner2014convolutional,
  title={A convolutional neural network for modelling sentences},
  author={Kalchbrenner, Nal and Grefenstette, Edward and Blunsom, Phil},
  journal={arXiv preprint arXiv:1404.2188},
  year={2014}
}